<record><leader>00000cas a22000007a 4500</leader><controlfield tag="001">20213539</controlfield><controlfield tag="008">890818d18921894mauwr ne      0    0eng d</controlfield><datafield ind1=" " ind2=" " tag="010"><subfield code="a">sn 89062164 </subfield></datafield><datafield ind1=" " ind2=" " tag="040"><subfield code="a">MGN</subfield><subfield code="b">eng</subfield><subfield code="c">MGN</subfield><subfield code="d">OCL</subfield><subfield code="d">MGN</subfield><subfield code="d">OCLCQ</subfield></datafield><datafield ind1=" " ind2=" " tag="042"><subfield code="a">msc</subfield></datafield><datafield ind1="0" ind2="4" tag="245"><subfield code="a">The Everett citizen.</subfield></datafield><datafield ind1="3" ind2="0" tag="246"><subfield code="a">Everett citizen and free press</subfield></datafield><datafield ind1=" " ind2=" " tag="260"><subfield code="a">[Everett, Mass.] :</subfield><subfield code="b">Citizen Press Co.</subfield></datafield><datafield ind1=" " ind2=" " tag="300"><subfield code="a">v.</subfield></datafield><datafield ind1=" " ind2=" " tag="310"><subfield code="a">Weekly</subfield></datafield><datafield ind1="0" ind2=" " tag="362"><subfield code="a">Vol. 1, no. 1 (Oct. 15, 1892)-</subfield></datafield><datafield ind1=" " ind2=" " tag="500"><subfield code="a">Published as: The Everett citizen and free press, May 27-June 24, 1893.</subfield></datafield><datafield ind1=" " ind2=" " tag="752"><subfield code="a">United States</subfield><subfield code="b">Massachusetts</subfield><subfield code="c">Middlesex</subfield><subfield code="d">Everett.</subfield></datafield><datafield ind1="0" ind2="5" tag="780"><subfield code="t">Everett free press</subfield><subfield code="w">(DLC)sn 83020999</subfield></datafield><datafield ind1="0" ind2="5" tag="780"><subfield code="t">Everett news (Everett, Mass. : 1892)</subfield><subfield code="w">(DLC)sn 89062165</subfield></datafield></record>